@online{Ejemplo,
    title = {¿Qué es una Lista Enlazada?},
    author = {{esantos}},
    url = {https://www.ervinsantos.com/post/50-%C2%BFqu%C3%A9-es-una-lista-enlazada},
    year = {2024},
    month = {11},
    day = {19},
    urldate = {2024-10-22}
}

@online{Ejemplo2,
    title = {Nodo (informática)},
    author = {{wikipedia}},
    url = {https://es.wikipedia.org/wiki/Nodo_(inform%C3%A1tica)},
    year = {2024},
    month = {12},
    day = {19},
    urldate = {2024-10-23}
}

@online{Ejemplo3,
    title = {Punteros (C++)},
    author = {{microsoft}},
    url = {https://learn.microsoft.com/es-es/cpp/cpp/pointers-cpp?view=msvc-170},
    year = {2023},
    month = {10},
    day = {12},
    urldate = {2024-10-24}
}
